
@book{allee1958,
  title={The social life of animals},
  author={Allee, Warder Clyde},
  year={1958},
  publisher={Beacon Press Boston, MA}
}

@book{barker2006,
  title={The Agricultural Revolution in Prehistory: Why did Foragers become Farmers?: Why did Foragers become Farmers?},
  author={Barker, Graeme},
  year={2006},
  publisher={Oxford University Press}
}

@article{molleson1993,
  title={Dietary change and the effects of food preparation on microwear patterns in the Late Neolithic of Abu Hureyra, northern Syria},
  author={Molleson, Theya and Jones, Karen and Jones, Stephen},
  journal={Journal of Human Evolution},
  volume={24},
  number={6},
  pages={455--468},
  year={1993},
  publisher={Elsevier}
}

@article{rowley2001,
  title={Time, change and the archaeology of hunter-gatherers: how original is the ‘Original Affluent Society’},
  author={Rowley-Conwy, Peter},
  journal={Hunter-gatherers: an interdisciplinary perspective},
  volume={13},
  pages={39--72},
  year={2001},
  publisher={Cambridge University Press Cambridge}
}

